<record><leader>00000cas a22000007a 4500</leader><controlfield tag="001">35576270</controlfield><controlfield tag="008">960918d192u192uokucr n       0    0eng d</controlfield><datafield ind1=" " ind2=" " tag="010"><subfield code="a">sn 96093997 </subfield></datafield><datafield ind1=" " ind2=" " tag="040"><subfield code="a">OBN</subfield><subfield code="b">eng</subfield><subfield code="c">OBN</subfield><subfield code="d">OCLCQ</subfield><subfield code="d">OCLCF</subfield><subfield code="d">OCLCO</subfield></datafield><datafield ind1="1" ind2=" " tag="029"><subfield code="a">AU@</subfield><subfield code="b">000012845474</subfield></datafield><datafield ind1=" " ind2=" " tag="042"><subfield code="a">msc</subfield></datafield><datafield ind1=" " ind2=" " tag="043"><subfield code="a">n-us-ok</subfield></datafield><datafield ind1="0" ind2=" " tag="130"><subfield code="a">Perry press (Perry, Okla.)</subfield></datafield><datafield ind1="1" ind2="4" tag="245"><subfield code="a">The Perry press.</subfield></datafield><datafield ind1=" " ind2=" " tag="260"><subfield code="a">Perry, Okla. :</subfield><subfield code="b">E. Landingham</subfield></datafield><datafield ind1=" " ind2=" " tag="300"><subfield code="a">v.</subfield></datafield><datafield ind1=" " ind2=" " tag="310"><subfield code="a">Semiweekly</subfield></datafield><datafield ind1=" " ind2=" " tag="500"><subfield code="a">"Successor to the Red Rock Chieftain."</subfield></datafield><datafield ind1=" " ind2=" " tag="588"><subfield code="a">Description based on: Vol. 19, no. 52 (July 6, 1924).</subfield></datafield><datafield ind1=" " ind2="0" tag="651"><subfield code="a">Perry (Okla.)</subfield><subfield code="v">Newspapers.</subfield></datafield><datafield ind1=" " ind2="0" tag="651"><subfield code="a">Noble County (Okla.)</subfield><subfield code="v">Newspapers.</subfield></datafield><datafield ind1=" " ind2="7" tag="655"><subfield code="a">Newspapers.</subfield><subfield code="2">fast</subfield><subfield code="0">(OCoLC)fst01423814</subfield></datafield><datafield ind1=" " ind2="7" tag="651"><subfield code="a">Oklahoma</subfield><subfield code="z">Noble County.</subfield><subfield code="2">fast</subfield><subfield code="0">(OCoLC)fst01209446</subfield></datafield><datafield ind1=" " ind2="7" tag="651"><subfield code="a">Oklahoma</subfield><subfield code="z">Perry.</subfield><subfield code="2">fast</subfield><subfield code="0">(OCoLC)fst01220632</subfield></datafield><datafield ind1=" " ind2=" " tag="752"><subfield code="a">United States</subfield><subfield code="b">Oklahoma</subfield><subfield code="c">Noble</subfield><subfield code="d">Perry.</subfield></datafield><datafield ind1="0" ind2="0" tag="780"><subfield code="t">Red Rock chieftain</subfield><subfield code="w">(DLC)sn 96093996</subfield><subfield code="w">(OCoLC)35576198</subfield></datafield></record>